@misc{1:online,
author = {},
title = {The Best Bitcoin Mining Pools For Making Money},
howpublished = {\url{https://www.bitcoinmining.com/bitcoin-mining-pools/}},
month = {},
year = {}}
}

@misc{2:online,
author = {},
title = {21 million cap},
howpublished = {\url{https://bitcointalk.org/index.php?topic=3366.msg47522#msg47522}},
month = {},
year = {},
note = {(Accessed on 12/02/2017)}
}


@misc{3:online,
author = {},
title = {Search | Quandl},
howpublished = {\url{https://www.quandl.com/search?query=}},
month = {},
year = {},
note = {(Accessed on 12/02/2017)}
}

@misc{4:online,
author = {},
title = {XE Money Transfer Tips: Why Do Currencies Fluctuate?},
howpublished = {\url{http://www.xe.com/moneytransfertips/why-do-currencies-fluctuate.php}},
month = {},
year = {},
note = {(Accessed on 12/03/2017)}
}

@misc{5:online,
author = {},
title = {Overview - Spark 2.2.0 Documentation},
howpublished = {\url{https://spark.apache.org/docs/latest/}},
month = {},
year = {},
note = {(Accessed on 12/03/2017)}
}


