@misc{1:online,
author = {McGann, Anthony J.},
title = {The Tyranny of the Super-Majority: How Majority Rule Protects Minorities - eScholarship},
howpublished = {\url{https://escholarship.org/uc/item/18b448r6author}},
month = {},
year = {2002}
}


@misc{2:online,
author = {Wikipedia},
title = {Elections by country - Wikipedia},
howpublished = {\url{https://en.wikipedia.org/wiki/Elections_by_country}},
month = {},
year = {2016},
note = {(Accessed on 11/05/2017)}
}


@misc{3:online,
author = {Central Intelligence Agency},
title = {The World Factbook â€” Central Intelligence Agency},
howpublished = {\url{https://www.cia.gov/library/publications/the-world-factbook/docs/contributor_copyright.html}},
month = {},
year = {2017}
}

@misc{6,
author = {NBC News},
title = {How Big Data Broke American Politics - NBC News},
howpublished = {\url{https://www.nbcnews.com/politics/elections/how-big-data-broke-american-politics-n732901}},
month = {},
year = {2016},
note = {(Accessed on 11/05/2017)}
}

@misc{7:online,
author = {Furhaad Shah},
editor = {Furhaad Shah},
title = {The First Prime Minister to Use Big Data},
howpublished = {\url{http://dataconomy.com/2014/05/narendra-modi-first-prime-minister-use-big-data-analytics/}},
month = {May 23},
year = {2014},
note = {(Accessed on 11/05/2017)}
}



@misc{8:online,
author = {United Nation},
title = {UNdata | record view | Percentage of individuals using the Internet},
howpublished = {\url{http://data.un.org/Data.aspx}},
month = {},
year = {2014},
note = {(Accessed on 11/05/2017)}
}

@misc{9:online,
author = {Gillian Tett},
title = {Trump, Cambridge Analytica and how big data is reshaping politics},
howpublished = {\url{https://www.ft.com/content/e66232e4-a30e-11e7-9e4f-7f5e6a7c98a2}},
month = {},
year = {2016},
note = {(Accessed on 11/03/2017)}
}

@misc{10:article,
  author  = {Michael P. McDonald}, 
  title   = {Associate Professor, University of Florida},
  journal = {2016 November General Election Turnout Rates},
  year    = 2016,
howpublished = {\url{http://www.electproject.org/2016g}},
}

@misc{11:online,
author = {Election commission of India },
title = {RptPC\_WISE\_TURNOUT},
howpublished = {\url{https://web.archive.org/web/20140606003137/http://eci.nic.in/eci_main1/GE2014/PC_WISE_TURNOUT.htm}},
month = {},
year = {2014},
note = {(Accessed on 11/05/2017)}
}

@misc{15:online,
author = {SSN},
title = {Social Security Number and Card | Social Security Administration},
howpublished = {\url{https://www.ssa.gov/ssnumber/}},
month = {},
year = {2017},
note = {(Accessed on 11/05/2017)}
}



@misc{13:online,
author = {Aadhaar},
title = {UIDAI - Official Website},
howpublished = {\url{https://uidai.gov.in/main-content}},
month = {},
year = {2014},
note = {(Accessed on 11/05/2017)}
}


@techreport{14:techreport,
  author       = {Sam Bhat}, 
  title        = {High Performance Benchmarking: MongoDB and NoSQL Systems | MongoDB},
  institution  = {United Software Associates Inc},
  year         = 2015,
  number       = 2,
  address      = {5674 Stoneridge Dr 100, Pleasanton, CA 94588},
  month        = 3
}

@misc{16:online,
author = {Follow My Vote},
title = {Elliptic Curve Cryptography In Online Voting - Follow My Vote},
howpublished = {\url{https://followmyvote.com/online-voting-technology/elliptic-curve-cryptography/}},
month = {},
year = {2016},
note = {(Accessed on 11/05/2017)}
}


@techreport{17,
  author  = {Francesca Caiazzo, Ming Chow}, 
  title   = {A Block-Chain Implemented Voting System},
  journal = {The name of the journal},
  year    = 2016,
  pages   = {6-9},
  month   = 12,
  institution = {Tufts University},
  howpublished = {\url{http://www.cs.tufts.edu/comp/116/archive/fall2016/fcaiazzo.pdf}}
  }
  
@misc{18:online,
author = {BitCongress},
title = {BitCongressWhitepaper.pdf},
howpublished = {\url{https://bravenewcoin.com/assets/Whitepapers/BitCongressWhitepaper.pdf}},
month = {},
year = {2016},
note = {(Accessed on 11/06/2017)}
}