@Inbook{editor00,
  author = 	 "",
  editor =       "Ian Editor",
  title =        "The title of book one",
  subtitle =     "The book subtitle",
  series =       "The name of the series one",
  year =         "2007",
  volume = 	 "9",
  address =      "Chicago",
  edition =      "1st.",
  publisher =    "University of Chicago Press",
  doi = 	 "10.1007/3-540-09237-4",
  url = 	 "http://dx.doi.org/10.1007/3-540-09456-9",
  chapter = 	 "",
  pages = 	 "",
  number = 	 "",
  type = 	 "",
  month = 	 "",
  note = 	 "",
}

@Article{article2,
  title    = {The Exponential Growth of Data},
  year     = {2017},
  keywords = {Data},
  url      = {https://insidebigdata.com/2017/02/16/the-exponential-growth-of-data/},
}

@Article{bitcointrans,
  title    = {n-transactions},
  year     = {2017},
  keywords = {Transactions,Bitcoin},
  url      = {https://blockchain.info/charts/n-transactions?timespan=all},
}
@Article{livepeer-BC stream,
  title    = {Livepeer},
  year     = {2017},
  keywords = {Livestream,Bitcoin},
  url      = {https://medium.com/@petkanics/introducing-livepeer-a-decentralized-live-video-broadcast-platform-and-crypto-token-protocol-7eb4b1de47ed},
}
@Article{kafka_performance,
  title    = {Kafka Bechmarking},
  year     = {2017},
  keywords = {Benchmark,Kafka},
  url      = {https://www.phdata.io/apache-kafka-performance-numbers/},
}
@Article{Bigdataintro,
  title    = {What is Big data},
  year     = {2015},
  keywords = {Bigdata},
  url      = {https://www.sas.com/enus/insights/big-data/what-is-big-data.html/},
}
@Article{Optimize bitcoin,
  title    = {Optimizing Bitcoin},
  year     = {2015},
  keywords = {Bitcoin},
  url      = {https://medium.com/@hudon/dear-bitcoin-this-is-how-you-can-beat-visa-b5ee857cf193},
}

@Article{Blockchainify BIGDATA,
  author   = {Trent McConaghy},
  title    = {Blockchain, Throughput,and Big Data},
  year     = {2015},
  keywords = {Bitcoin},
  url      = {http://the-paper-trail.org/blog/consensus-protocols-paxos/},
}
@Article{hastratepersec,
  title    = {Blockchain, velocity, Big Data},
  year     = {2015},
  keywords = {Bitcoin},
  url      = {https://blockchain.info/charts/hash-rate?timespan=all&showDataPoints=true},
}


